<?xml version="1.0" encoding="UTF-8"?><record xmlns="http://www.loc.gov/MARC21/slim" xmlns:cinclude="http://apache.org/cocoon/include/1.0" xmlns:zs="http://www.loc.gov/zing/srw/">
  <leader>00329nz  a2200121n  4500</leader>
  <controlfield tag="001">nr 88011042 </controlfield>
  <controlfield tag="003">DLC</controlfield>
  <controlfield tag="005">19881110060428.0</controlfield>
  <controlfield tag="008">881109n| acannaab|          |n aaa     c</controlfield>
  <datafield tag="010" ind1=" " ind2=" ">
    <subfield code="a">nr 88011042 </subfield>
  </datafield>
  <datafield tag="040" ind1=" " ind2=" ">
    <subfield code="a">NjP</subfield>
    <subfield code="c">NjP</subfield>
  </datafield>
  <datafield tag="100" ind1="1" ind2="0">
    <subfield code="a">Canella, Patrizia</subfield>
  </datafield>
  <datafield tag="670" ind1=" " ind2=" ">
    <subfield code="a">Il Battistero Neoniano di Ravenna, c1981:</subfield>
    <subfield code="b">verso of t.p. (Patrizia Canella)</subfield>
  </datafield>
</record>